<record><leader>00000cas a22000007a 4500</leader><controlfield tag="001">51565246</controlfield><controlfield tag="008">030203c200u9999maumr n       0   a0eng d</controlfield><controlfield tag="009">467</controlfield><datafield ind1=" " ind2=" " tag="010"><subfield code="a">  2003213516</subfield></datafield><datafield ind1=" " ind2=" " tag="040"><subfield code="a">NSD</subfield><subfield code="b">eng</subfield><subfield code="c">NSD</subfield><subfield code="d">OCLCQ</subfield></datafield><datafield ind1=" " ind2=" " tag="012"><subfield code="m">y</subfield></datafield><datafield ind1="1" ind2=" " tag="022"><subfield code="a">1543-3900</subfield><subfield code="l">1543-3900</subfield><subfield code="y">0274-8053</subfield><subfield code="2">1</subfield></datafield><datafield ind1="1" ind2=" " tag="029"><subfield code="a">AU@</subfield><subfield code="b">000024396809</subfield></datafield><datafield ind1=" " ind2=" " tag="032"><subfield code="a">790980</subfield><subfield code="b">USPS</subfield></datafield><datafield ind1=" " ind2=" " tag="042"><subfield code="a">nsdp</subfield><subfield code="a">msc</subfield></datafield><datafield ind1="0" ind2=" " tag="130"><subfield code="a">Outdoor message (Northborough, Mass.)</subfield></datafield><datafield ind1=" " ind2="0" tag="222"><subfield code="a">Outdoor message</subfield><subfield code="b">(2002)</subfield></datafield><datafield ind1="0" ind2="0" tag="245"><subfield code="a">Outdoor message :</subfield><subfield code="b">the official newspaper of Gun Owners' Action League.</subfield></datafield><datafield ind1=" " ind2=" " tag="260"><subfield code="a">Northborough, MA :</subfield><subfield code="b">Outdoor Message Cooperative, Inc.</subfield></datafield><datafield ind1=" " ind2=" " tag="300"><subfield code="a">v.</subfield></datafield><datafield ind1=" " ind2=" " tag="310"><subfield code="a">Monthly</subfield></datafield><datafield ind1="0" ind2=" " tag="362"><subfield code="a">Vol. 23, no. 10 (Oct. 2002)-</subfield></datafield><datafield ind1="2" ind2=" " tag="710"><subfield code="a">Gun Owners' Action League.</subfield></datafield><datafield ind1=" " ind2=" " tag="752"><subfield code="a">United States</subfield><subfield code="b">Massachusettes</subfield><subfield code="d">Northborough.</subfield></datafield><datafield ind1="0" ind2="0" tag="785"><subfield code="t">Message (Southboro, Mass.)</subfield><subfield code="x">0896-3290</subfield><subfield code="w">(DLC)sn 87003767</subfield><subfield code="w">(OCoLC)17008544</subfield></datafield></record>